@Comment{
  Esta referência já é incluída pelas no arquivo bib do artigo sobre NCLua SOAP 

  article{curbera2002unraveling,
    title={{Unraveling the Web services: an introduction to SOAP, WSDL, and UDDI}},
    author={Curbera, F. and Duftler, M. and Khalaf, R. and Nagy, W. and Mukhi, N. and Weerawarana, S.},
    journal={IEEE Internet computing},
    pages={86--93},
    year={2002},
    publisher={IEEE Computer Society}
  }  
}

@article{soset,
  title={{Implementação de um Set-top Box Virtual para Desenvolvimento e Testes de Aplicações para TV Digital Interativa}},
  author={Cláudio de Castro Monteiro and Helder Cleber Pereira and Manoel Campos da Silva Filho and Paulo Roberto de Lira Gondim and
Vinícius de Miranda Rios},
  journal={International Information and Telecommunication and Technologies Conference (I2TS 2010)},
  year={2010}
}

@conference{lausen2007finding,
  title={{Finding web services}},
  author={Lausen, H. and Haselwanter, T.},
  booktitle={1st European Semantic Technology Conference},
  year={2007}
}

@conference{wu2009new,
  title={{A New Description Model of Web Service}},
  author={Wu, S.},
  booktitle={Proceedings of the 2009 International Conference on Industrial and Information Systems-Volume 00},
  pages={77--79},
  year={2009},
  organization={IEEE Computer Society}
}

@article{al2008toward,
  title={{Toward quality-driven web service discovery}},
  author={Al-Masri, E. and Mahmoud, Q. H.},
  journal={IT PROFESSIONAL},
  pages={24--28},
  year={2008},
  publisher={IEEE Computer Society}
}

@misc{borges2007arquitetura,
  title={{Uma Arquitetura para Descoberta de Servi{\c{c}}os em Ambientes de TVDI}},
  author={Borges, R. C. and Costa, F. M.},
  year={2007},
  publisher={TVDI}
}

@article{apache-river,
  title = {{Apache River}},
  publisher = {Disponível em: \url{http://incubator.apache.org/river/RIVER/}. Acessado em: 04 mar. 2010.},
  year = {2010},
  author = {Apache.org},
  timestamp = {2010.03.04}
}


@article{oasis-wssecurity,
  title = {{OASIS Web Services Security (WSS) TC}},
  publisher = {Disponível em: \url{http://www.oasis-open.org/committees/tc_home.php?wg_abbrev=wss}. Acessado em: 04 mar. 2010.},
  year = {2006},
  author = {OASIS},
  timestamp = {2010.03.04}
}


@article{oasis-wsbpel,
  title={{Web Services Business Process Execution Language Version 2.0}},
  author={OASIS},
  year={2007},
  publisher={Disponível em: \url{http://docs.oasis-open.org/wsbpel/2.0/wsbpel-v2.0.pdf}. Acessado em 02 mar. 2011.}
}



@article{rss2,
  title = {{RSS 2.0 Specification}},
  publisher = {Disponível em: \url{http://www.rssboard.org/rss-specification}. Acessado em: 20 mar. 2009.},
  year = {2009},
  author = {RSS Advisory Board},
  timestamp = {2011.03.20}
}


@article{slp-admin-guide,
  title = {{Service Location Protocol Administration Guide}},
  publisher = {Disponível em: \url{http://docs.sun.com/app/docs/doc/806-1412/6jamu408b?a=view}. Acessado em: 04 mar. 2010.},
  year = {2010},
  author = {Sun},
  timestamp = {2010.03.04}
}


@article{censo2010,
  title = {{Censo Brasileiro 2010}},
  publisher = {Disponível em: \url{http://www.censo2010.ibge.gov.br/dados\_divulgados/index.php}. Acessado em: 25 fev. 2010.},
  year = {2010},
  author = {IBGE},
  timestamp = {2010.02.25}
}


@article{vilas2007providing,
  title={{Providing Web Services over DVB-H: Mobile Virtual Web Services}},
  author={Vilas, A. F. and Redondo, R. P. D. and Arias, J. J. P. and Solla, A. G. and Duque, J. G.},
  journal={IEEE Transactions on Consumer Electronics},
  volume={53},
  number={2},
  pages={644},
  year={2007},
  publisher={IEEE; 1999}
}

@article{banda-larga-movel-olhar-digital,
  title = {{Banda larga móvel cresce acima das expectativas}},
  publisher = {Disponível em: \url{http://olhardigital.uol.com.br/digital\_news/noticia.php?id\_conteudo=9947}. Acessado em: 05 mar. 2010.},
  year = {2009},
  author = {Olhar Digital},
  timestamp = {2010.03.05}
}

@conference{wu2008novel,
  title={{A Novel Interoperable Model of Distributed UDDI}},
  author={Wu, L. and He, Y. and Wu, D. and Cui, J.},
  booktitle={Proceedings of the 2008 International Conference on Networking, Architecture, and Storage-Volume 00},
  pages={153--154},
  year={2008},
  organization={IEEE Computer Society}
}

@article{treiber2007active,
  title={{Active web service registries}},
  author={Treiber, M. and Dustdar, S.},
  journal={IEEE Internet Computing},
  pages={66--71},
  year={2007},
  publisher={IEEE Computer Society}
}

@article{multi-tier-system,
  title = {{TrackCare Solution Guide}},
  publisher = {Disponível em: \url{http://www.intersystems.com/trakcare/solution/section-04.html}. Acessado em: 09 mar. 2010.},
  year = {2010},
  author = {InterSystems},
  timestamp = {2010.03.09}
}

@article{ginga-ncl-community,
  title = {{Comunidade Ginga-NCL}},
  publisher = {Disponível em: \url{http://www.softwarepublico.gov.br/dotlrn/clubs/ginga/}. Acessado em: 28 nov. 2010.},
  year = {2010},
  author = {PUC-Rio},
  timestamp = {2010.11.28}
}

@article{soap-tutorial,
  title = {{SOAP Tutorial}},
  publisher = {Disponível em: \url{http://www.tutorialspoint.com/soap/}. Acessado em: 09 mar. 2010.},
  year = {2010},
  author = {Tutorials Point},
  timestamp = {2010.03.09}
}

@article{kim2004survey,
  title={{A survey of public web services}},
  author={Kim, S. M. and Rosu, M. C.},
  journal={Lecture Notes in Computer Science},
  pages={96--105},
  year={2004},
  publisher={Springer}
}

@conference{kopecky2008semantic,
  title={{Semantic web service offer discovery for e-commerce}},
  author={KOPECKÝ, J. and Simperl, E.},
  booktitle={Proceedings of the 10th international conference on Electronic commerce},
  year={2008}
}

@article{w3c-wsdl-safety,
  title = {{Architecture of the World Wide Web, Vol. 1}},
  publisher = {Disponível em: \url{http://www.w3.org/TR/2004/REC-webarch-20041215/\#safe-interaction}. Acessado em: 12 mar. 2010.},
  year = {2004},
  author = {W3C.org},
  timestamp = {2010.03.12}
}

@article{berendt2005privacy,
  title={{Privacy in e-commerce: Stated preferences vs. actual behavior}},
  author={Berendt, B. and G{\\"u}nther, O. and Spiekermann, S.},
  journal={Communications of the ACM},
  volume={48},
  number={4},
  pages={106},
  year={2005},
  publisher={ACM}
}

@article{al2008commerce,
  title={{E-Commerce security}},
  author={Al-Slamy, N. M. A.},
  journal={IJCSNS},
  volume={8},
  number={5},
  pages={340},
  year={2008}
}

@conference{jiang2007line,
  title={{On-line payment and security of e-commerce}},
  author={Jiang, H. and Yang, J.},
  booktitle={Proceedings of the 2007 annual Conference on International Conference on Computer Engineering and Applications},
  pages={545--550},
  year={2007},
  organization={World Scientific and Engineering Academy and Society (WSEAS)}
}

@article{wang2008reputation,
  title={{Reputation-oriented trustworthy computing in e-commerce environments}},
  author={Wang, Y. and Lin, K. J.},
  journal={IEEE Internet Computing},
  pages={55--59},
  year={2008},
  publisher={IEEE Computer Society}
}

@article{benatallah2004web,
  title={{Web service conversation modeling: A cornerstone for e-business automation}},
  author={Benatallah, B. and Casati, F. and Toumani, F.},
  journal={IEEE Internet Computing},
  pages={46--54},
  year={2004},
  publisher={IEEE Computer Society}
}

@article{yu2005extending,
  title={{Extending the TAM for a t-commerce}},
  author={Yu, J. and Ha, I. and Choi, M. and Rho, J.},
  journal={Information \& Management},
  volume={42},
  number={7},
  pages={965--976},
  year={2005},
  publisher={Elsevier}
}

@article{junior2009luacomp,
  title={{LUACOMP: ferramenta de autoria de aplica{\c{c}}{\~o}es para tv digital. Dissertação de Mestrado}},
	year = {2009},
	journal = {Universidade de Brasília, Brasil.},
  author={Souza J{\'u}nior, P. J. and Gondim, P. R. L.},
}

@Comment{
  Esta referência já é incluída pelas no arquivo bib do artigo sobre NCLua SOAP 

  article{abnt200815606,
    title={{15606-2}},
    author={ABNT, NBR},
    journal={Televis{\~a}o digital terrestre--Codifica{\c{c}}{\~a}o de dados e especifica{\c{c}}{\~o}es de transmiss{\~a}o para radiodifus{\~a}o digital Parte 2: Ginga-NCL para receptores fixos e m{\'o}veis--Linguagem de aplica{\c{c}}{\~a}o XML para codifica{\c{c}}{\~a}o de aplica{\c{c}}{\~o}es},
    year={2008}
  }
}

@article{tic2009,
  title = {{Tic Domicílios e Usuários - Pesquisa sobre o Uso das Tecnologias da Informação e da Comunicação no Brasil}},
  publisher = {Disponível em: \url{http://cetic.br/usuarios/tic/}. Acessado em: 04 mar. 2010.},
  author = {CETIC.br},
  year={2009},
  timestamp = {2010.03.04}
}

@article{barbosa2008tv,
  title={{TV digital interativa no Brasil se faz com Ginga: Fundamentos, Padr{\~o}es, Autoria Declarativa e Usabilidade}},
  author={Simone Diniz Junqueira Barbosa and Luiz Fernando Gomes Soares},
  journal={Atualiza{\c{c}}{\~o}es em Inform{\'a}tica},
  pages={105--174},
  year={2008}
}

@article{fowler2000swing,
  title={{A Swing architecture overview}},
  author={Fowler, A.},
  publisher={Web-based Technical Report \url{http://java.sun.com/products/jfc/tsc/articles/architecture/index.html}},
  journal={Sun Microsystems},
  year={2000}
}

@article{css2-spec,
  title = {{Cascading Style Sheets Level 2 Revision 1 (CSS 2.1) Specification}},
  publisher = {Disponível em: \url{http://www.w3.org/TR/2009/CR-CSS2-20090908/}. Acessado em: 29 nov. 2010.},
  year = {2009},
  author = {W3C},
  timestamp = {2010.11.29}
}

@article{ibge-pnad,
  title={{Pesquisa Nacional por Amostra de Domicílios 2009 - PNAD}},
  publisher={Disponível em: \url{http://www.ibge.gov.br/home/presidencia/noticias/noticia\_visualiza.php?id\_noticia=1708}. Acessado em 14 fev. 2011},
  author = {IBGE},
  year={2009}
}

@article{fielding2000architectural,
  title={{Architectural styles and the design of network-based software architectures. PhD Thesis}},
  author={Fielding, R. T.},
  year={2000},
  journal={University of California, Irvine}
}

@article{welling2006integration,
  title={{Integration of Interactive Applications in Digital Television. Monografia de Bacharelado.}},
  author={Welling, M.},
  year={2006},
  journal = {EVTEK University of Applied Sciences - Institute of Technology. Finlândia},
}

@Comment {
http://www.telesintese.com.br/index.php?option=com_content&view=article&id=15702:extra-agora-vende-via-tv-digital&catid=13:plantao&Itemid=1126
}
@article{extra-vendas-tvd,
  title = {{Extra inicia vendas por TV digital}},
  publisher = {Disponível em: \url{http://goo.gl/DuMzD}. Acessado em: 23 fev. 2011.},
  year = {2010},
  author = {Tele Síntese},
  timestamp = {2011.02.23}
}

@article{totvs-byyou,
  title = {{Totvs lança plataforma de aplicativos para TV digital}},
  publisher = {Disponível em: \url{http://www.teletime.com.br/23/08/2010/totvs-lanca-plataforma-de-aplicativos-para-tv-digital/tt/196493/news.aspx}. Acessado em: 14 mar. 2011.},
  year = {2010},
  author = {TeleTime},
  timestamp = {2011.03.14}
}

%http://idgnow.uol.com.br/telecom/2010/08/23/totvs-propoe-modelo-de-negocio-para-interatividade-na-tv-digital/
@article{stickercenter,
  title = {{Totvs propõe modelo de negócio para interatividade na TV Digital}},
  publisher = {Disponível em: \url{http://goo.gl/gcLuf}. Acessado em: 14 mar. 2011.},
  year = {2010},
  author = {TeleTime},
  timestamp = {2011.03.14}
}



@comment {
http://goo.gl/Ytm60
}
@article{inicio-transmissao-tv-digital-saopaulo,
  title = {{TV digital estréia em São Paulo com transmissão de emissoras abertas}},
  publisher = {Disponível em: \url{http://g1.globo.com/Noticias/0,,MUL201387-15515,00-TV+DIGITAL+ESTREIA+EM+SAO+PAULO+COM+TRANSMISSAO+DE+EMISSORAS+ABERTAS.html}. Acessado em: 23 fev. 2011.},
  year = {2007},
  author = {G1},
  timestamp = {2011.02.23}
}


@article{info-gingancl-h761,
  title = {{Ginga-NCL é aprovado como padrão mundial para IPTV}},
  publisher = {Disponível em: \url{http://info.abril.com.br/professional/network/gingancl-e-aprovado-como-padrao-mundial-para-iptv.shtml}. Acessado em: 23 fev. 2011.},
  year = {2009},
  author = {InfoExame},
  timestamp = {2011.02.23}
}


@article{h761,
  title = {{Recommendation: H.761}},
  publisher = {Disponível em: \url{http://www.itu.int/itu-t/aap/AAPRecDetails.aspx?AAPSeqNo=1894}. Acessado em: 25 fev. 2011.},
  year = {2009},
  author = {ITU-T},
  timestamp = {2011.02.25}
}

@article{ginga-itu-j200,
  title = {{J.200: CABLE NETWORKS AND TRANSMISSION OF TELEVISION, SOUND PROGRAMME AND OTHER MULTIMEDIA SIGNALS.
Application for Interactive Digital Television - Worldwide common core – Application environment for digital interactive television services}},
  publisher = {Disponível em: \url{http://www.itu.int/itu-t/recommendations/rec.aspx?id=10827}. Acessado em: 25 fev. 2011.},
  year = {2010},
  author = {ITU-T},
  timestamp = {2011.02.25}
}

@article{gingancl-itu-j201,
  title = {{J.201: CABLE NETWORKS AND TRANSMISSION OF TELEVISION, SOUND PROGRAMME AND OTHER MULTIMEDIA SIGNALS.
Application for Interactive Digital Television - Harmonization of declarative content format for interactive television applications}},
  publisher = {Disponível em: \url{http://www.itu.int/itu-t/recommendations/rec.aspx?id=9583}. Acessado em: 25 fev. 2011.},
  year = {2009},
  author = {ITU-T},
  timestamp = {2011.02.25}
}

@article{gingaj-itu-j202,
  title = {{J.202: CABLE NETWORKS AND TRANSMISSION OF TELEVISION, SOUND PROGRAMME AND OTHER MULTIMEDIA SIGNALS.
Application for Interactive Digital Television -  Harmonization of procedural content formats for interactive TV applications}},
  publisher = {Disponível em: \url{http://www.itu.int/itu-t/recommendations/rec.aspx?id=8667}. Acessado em: 25 fev. 2011.},
  year = {2010},
  author = {ITU-T},
  timestamp = {2011.02.25}
}

@article{isdb-tb,
  title = {{O que é o ISDB-TB}},
  publisher = {Disponível em: \url{http://www.forumsbtvd.org.br/materias.asp?id=20}. Acessado em: 25 fev. 2011.},
  year = {2010},
  author = {Fórum SBTVD},
  timestamp = {2011.02.25}
}


@article{idgnow-ginga-padrao-itu,
  title = {{Ginga, completo, vira padrão UIT}},
  publisher = {Disponível em: \url{http://idgnow.uol.com.br/blog/circuito/2010/03/24/ginga-completo-vira-padrao-uit/}. Acessado em: 23 fev. 2011.},
  year = {2010},
  author = {IDGNow},
  timestamp = {2011.02.23}
}

@article{chu2007evolution,
  title={{Evolution of e-commerce Web sites: A conceptual framework and a longitudinal study}},
  author={Chu, S. C. and Leung, L. C. and Hui, Y. V. and Cheung, W.},
  journal={Information \& Management},
  volume={44},
  number={2},
  pages={154--164},
  issn={0378-7206},
  year={2007},
  publisher={Elsevier}
}

@article{veijalainen2006transaction,
  title={{Transaction management for m-commerce at a mobile terminal}},
  author={Veijalainen, J. and Terziyan, V. and Tirri, H.},
  journal={Electronic Commerce Research and Applications},
  volume={5},
  number={3},
  pages={229--245},
  issn={1567-4223},
  year={2006},
  publisher={Elsevier}
}

@book{sommerville2011soft,
  title={Software Engineering},
  author={Ian Sommerville},
  year={2011},
  publisher={Pearson},
  edition={9th}
}

@book{coulouris2007sisdist,
  title={Sistemas Distribuídos: Conceitos e Projeto},
  author={George Coulouris and Jean Dollimore and Tim Kindberg},
  year={2007},
  publisher={Bookman},
  address={Porto Alegre, 4a. ed.}
}

@article{johnson1988designing,
  title={Designing reusable classes},
  author={Johnson, R.E. and Foote, B.},
  journal={Journal of object-oriented programming},
  volume={1},
  number={2},
  pages={22--35},
  year={1988},
  publisher={Citeseer}
}
