@article{fernandez2008aplicaciones,
  title={{Aplicaciones interactivas para la televisi{\'o}n digital en Chile}},
  author={Fern{\'a}ndez, F. and Goldenberg, S.},
  journal={Cuadernos de informaci{\'o}n},
  number={22},
  pages={12},
  volume={I},
  year={2008}
}

@article{de-usabilidade,
  title={{Usabilidade e Entretenimento na TV Digital Interativa}},
  author={de Paiva Teixeira, L. H.},
  journal={UNIrevista},
  number={3},
  year={2006},
  issn={1809-4651},
	volume = {1}
}

@book{soares2009programando,
  title={{Programando em NCL 3.0: Desenvolvimento de aplica{\c{c}}{\~o}es para o middleware Ginga}},
  author={Luiz Fernando Gomes Soares and Simone Diniz Junqueira Barbosa},
  publisher={Campus, Rio de Janeiro, 1a. edição.},
  year={2009}
}

@conference{ierusalimschy2007evolution,
  title={{The evolution of Lua}},
  author={Ierusalimschy, R. and de Figueiredo, L. H. and Celes, W.},
  booktitle={Proceedings of the third ACM SIGPLAN conference on History of programming languages},
  year={2007}
}

@article{expat,
  title = {{The Expat XML Parser}},
  publisher = {Disponível em: \url{http://www.libexpat.org}. Acessado em: 04 fev. 2011.},
  year = {2007},
  author = {Fred L. Drake Jr and Karl Waclawek},
  timestamp = {2010.10.28}
}

@article{rfc2616,
  title = {{HTTP/1.1}},
  publisher = {\url{http://tools.ietf.org/html/rfc2616}},
  year = {1999},
  author = {IETF},
  timestamp = {2010.11.02}
}

@article{rfc2045,
  title = {{MIME}},
  publisher = {Disponível em: \url{http://tools.ietf.org/html/rfc2045}. Acessado em: 22 jan. 2011.},
  year = {1996},
  author = {IETF},
  timestamp = {2010.11.02}
}

@article{soap-spec,
  title = {{SOAP Specification}},
  publisher = {Disponível em: \url{http://www.w3.org/TR/soap/}. Acessado em: 04 out. 2009.},
  year = {2007},
  author = {W3C},
  timestamp = {2010.11.01}
}


@article{curbera2002unraveling,
  title={{Unraveling the Web services web: an introduction to SOAP, WSDL, and UDDI}},
  author={Curbera, F. and Duftler, M. and Khalaf, R. and Nagy, W. and Mukhi, N. and Weerawarana, S.},
  journal={IEEE Internet computing},
  volume={6},
  number={2},
  pages={86--93},
  issn={1089-7801},
  year={2002}
}

@article{newcomer2002understanding,
  title={{Understanding Web Services: XML, WSDL, SOAP and UDDI}},
  author={Newcomer, E.},
  year={2002},
  publisher={Addison-Wesley Professional. 1st ed.}
}

@article{doc-nclua,
  title = {{Documentação NCLua}},
  publisher = {Disponível em: \href{http://www.lua.inf.puc-rio.br/~francisco/nclua/}{http://www.lua.inf.puc-rio.br/{\~~}francisco/nclua/}. Acessado em: 10 fev. 2010.},
  year = {2010},
  author = {Francisco Sant'Anna},
  timestamp = {2010.10.31}
}

@article{cooper1999using,
  title={{Using expat}},
  author={Cooper, C.},
  publisher={Disponível em: \url{http://www.xml.com/pub/a/1999/09/expat/}. Acessado em: 20 dez. 2010.},
  year={1999},
  timestamp = {2010.10.28}
}

@conference{sant2008nclua,
  title={{NCLua: objetos imperativos lua na linguagem declarativa NCL}},
  author={Sant'Anna, F. and Cerqueira, R. and Soares, L. F. G.},
  booktitle={Proceedings of the 14th Brazilian Symposium on Multimedia and the Web},
  pages={83--90},
  year={2008},
  organization={ACM}
}

@article{luasql,
  title = {{LuaSQL - Database connectivity for the Lua programming language}},
  publisher = {\url{http://www.keplerproject.org/luasql/}},
  year = {2007},
  author = {Roberto Ierusalimschy and André Carregal and Tomás Guisasola},
  timestamp = {2010.10.28}
}

@article{luasec,
  title = {{LuaSec - TLS/SSL Support for Lua}},
  publisher = {\url{http://luasec.luaforge.net}},
  year = {2009},
  author = {Bruno Silvestre},
  timestamp = {2010.10.28}
}

@article{luaexpat,
  title = {{LuaExpat - XML Expat parsing for the Lua programming language}},
  publisher = {\url{http://www.keplerproject.org/luaexpat/}},
  year = {2007},
  author = {Roberto Ierusalimschy and André Carregal and Tomás Guisasola},
  timestamp = {2010.10.28}
}

@article{luasoap,
  title = {{LuaSOAP - SOAP interface to the Lua programming language}},
  publisher = {Disponível em: \url{http://www.keplerproject.org/luasoap/}. Acessado em: 28 out. 2010.},
  year = {2004},
  author = {Roberto Ierusalimschy and André Carregal and Tomás Guisasola},
  timestamp = {2010.10.28}
}


@article{abnt200815606,
  title={{15606-2}},
  author={ABNT, NBR},
  journal={Televis{\~a}o digital terrestre--Codifica{\c{c}}{\~a}o de dados e especifica{\c{c}}{\~o}es de transmiss{\~a}o para radiodifus{\~a}o digital Parte 2: Ginga-NCL para receptores fixos e m{\'o}veis--Linguagem de aplica{\c{c}}{\~a}o XML para codifica{\c{c}}{\~a}o de aplica{\c{c}}{\~o}es},
  year={2008}
}

@article{costa-seguranca,
	title = {{Seguran{\c{c}}a para o Sistema Brasileiro de Televis{\~a}o Digital: Contribui{\c{c}}{\~o}es {\`a} Prote{\c{c}}{\~a}o de Direitos Autorais e {\`a} Autentica{\c{c}}{\~a}o de Aplicativos. Dissertação de Mestrado}},
	author = {Laisa Caroline de Paula Costa},
	journal = {Escola Politécnica da Universidade de São Paulo},
	year = {2009}
}

@article{braga-introducao,
  title={{Introdu{\c{c}}{\~a}o {\`a} seguran{\c{c}}a de aplica{\c{c}}{\~o}es para a TV digital interativa brasileira}},
  author={Braga, A. M. and Restani, G. S.},
  year = {2010},
  journal={Simpósio Brasileiro de Segurança (SBSeg 2010)}
}

@conference{van2005gsoap,
  title={{The gSOAP toolkit for web services and peer-to-peer computing networks}},
  author={Van Engelen, R. A. and Gallivan, K. A.},
  booktitle={Cluster Computing and the Grid, 2002. 2nd IEEE/ACM International Symposium on},
  isbn={0769515827},
  year={2005}
}

@conference{davis2005latency,
  title={{Latency performance of SOAP implementations}},
  author={Davis, D. and Parashar, MP},
  booktitle={2nd IEEE/ACM International Symposium on Cluster Computing and the Grid.},
  isbn={0769515827},
  year={2005},
  organization={IEEE}
}

@article{louridas2006soap,
  title={{Soap and web services}},
  author={Louridas, P.},
  journal={Software, IEEE},
  volume={23},
  number={6},
  pages={62--67},
  issn={0740-7459},
  year={2006},
  publisher={IEEE}
}

@book{ierusalimschy2006programming,
  title={{Programming in Lua}},
  author={Roberto Ierusalimschy},
  isbn={8590379825},
  year={2006},
  pages={328},
  edition={2nd},
  publisher={Lua.org},
  address={Rio de Janeiro}
}




@article{tgov2010barbosa,
  title={{Desenvolvendo serviços de governo eletrônico multiplataforma para TV interativa utilizando Web Services}},
  author={Raphael de Carvalho Barbosa and Sônia Mayumi Kutiishi and Vinícius de Lima},
  journal={Simpósio Brasileiro de Sistemas Multimídia e Web (WebMedia 2010)},
  year={2010}
}

@article{socialnets-tvd2010ghisi,
  title={{Integração de Aplicações para TV Digital Interativa com Redes Sociais}},
  author={Bruno Cavaler Ghisi and Guilherme Figueiredo Lopes and Frank Siqueira},
  journal={Simpósio Brasileiro de Sistemas Multimídia e Web (WebMedia 2010)},
  year={2010}
}

@article{openginga2010raoni,
  title={{Ginga-J: Implementação de Referência do Ambiente Imperativo do Middleware Ginga}},
  author={Raoni Kulesza and Jefferson Ferreira and Sindolfo M. Filho and 
  Álan Lívio and Rafael R. de M. Brandão and Jônatas P. C. de Araujo and Guido L. de S. Filho},
  journal={Simpósio Brasileiro de Sistemas Multimídia e Web (WebMedia 2010)},
  year={2010}
}


@article{soares2007ginga,
  title={{Ginga-NCL: the declarative environment of the Brazilian digital TV system}},
  author={Luiz Fernando Gomes Soares and Rodrigues, R. F. and Moreno, M. F.},
  journal={Journal of the Brazilian Computer Society},
  volume={12},
  pages={37--46},
  issn={0104-6500},
  year={2007},
  publisher={SciELO Brasil}
}
